../../../Dropbox/PhD/readings/reflist.bib